<?xml version="1.0" encoding="UTF-8"?><collection xmlns="http://www.loc.gov/MARC21/slim"><record><leader>00414nam--2200145-i-4500</leader><controlfield tag="001">000013559</controlfield><controlfield tag="002">20161230</controlfield><controlfield tag="005">20170210020302</controlfield><controlfield tag="008">060222s1000------------r-----000-0-eng-d</controlfield><datafield ind1=" " ind2=" " tag="100"><subfield code="a">Gorunescu, Elena</subfield></datafield><datafield ind1=" " ind2=" " tag="245"><subfield code="a">Dictionar frazeologic francez-roman si roman-francez</subfield></datafield><datafield ind1=" " ind2=" " tag="260"><subfield code="a">Bucuresti</subfield><subfield code="b">Ed.Stiint.Si Encicl</subfield><subfield code="c">1981</subfield></datafield><datafield ind1=" " ind2=" " tag="300"><subfield code="a">652 p</subfield></datafield><datafield ind1=" " ind2=" " tag="852"><subfield code="a">801.323.2=40=590:801.323.2=590=40</subfield></datafield><datafield ind1=" " ind2=" " tag="CAT"><subfield code="a">SYS</subfield><subfield code="c">20170210</subfield><subfield code="h">020302</subfield></datafield></record></collection>